<collection xmlns="http://www.loc.gov/MARC21/slim"><record><leader>00813nam  2200241   450</leader><controlfield tag="001">877</controlfield><controlfield tag="003">http://montalegre.opacnet.com/OPAC/default.aspx?ContentAreaControl=ShowRegHoldings.ascx&amp;RegNo=16662</controlfield><datafield tag="100" ind1=" " ind2=" "><subfield code="a">20061013d1992----k  y0pory0103    ba</subfield></datafield><datafield tag="101" ind1="1" ind2=" "><subfield code="a">por</subfield><subfield code="c">fre</subfield></datafield><datafield tag="102" ind1=" " ind2=" "><subfield code="a">PT</subfield></datafield><datafield tag="105" ind1=" " ind2=" "><subfield code="a">y   z   000ay</subfield></datafield><datafield tag="106" ind1=" " ind2=" "><subfield code="a">r</subfield></datafield><datafield tag="200" ind1="1" ind2=" "><subfield code="a">&lt;A &gt;cartuxa de Parma</subfield><subfield code="f">Stendhal</subfield><subfield code="g">trad. Adolfo Casais Monteiro</subfield><subfield code="g">introd. Italo Calvino</subfield></datafield><datafield tag="210" ind1=" " ind2=" "><subfield code="a">Lisboa</subfield><subfield code="c">Relógio d'Água</subfield><subfield code="d">1992</subfield></datafield><datafield tag="215" ind1=" " ind2=" "><subfield code="a">529 p.</subfield><subfield code="d">21 cm</subfield></datafield><datafield tag="225" ind1="2" ind2=" "><subfield code="a">Clássicos</subfield></datafield><datafield tag="304" ind1=" " ind2=" "><subfield code="a">Tít. orig.: La Chartreuse de Parme</subfield></datafield><datafield tag="675" ind1=" " ind2=" "><subfield code="a">821</subfield></datafield><datafield tag="700" ind1=" " ind2="0"><subfield code="a">Stendhal</subfield><subfield code="c">pseud.</subfield><subfield code="f">1783-1842</subfield></datafield><datafield tag="702" ind1=" " ind2="1"><subfield code="a">Calvino</subfield><subfield code="b">Italo</subfield><subfield code="f">1923-1985</subfield><subfield code="4">080</subfield><subfield code="3">19894</subfield></datafield><datafield tag="702" ind1=" " ind2="1"><subfield code="a">Monteiro</subfield><subfield code="b">Adolfo Casais</subfield><subfield code="f">1908-1972</subfield><subfield code="4">730</subfield></datafield><datafield tag="801" ind1=" " ind2="0"><subfield code="a">PT</subfield><subfield code="b">Biblioteca Municipal de Montalegre</subfield><subfield code="g">RPC</subfield></datafield><datafield tag="856" ind1=" " ind2=" "><subfield code="u">locateMedia.asp?cod=20060627161926&amp;ext=jpg</subfield><subfield code="z">CAPA</subfield></datafield><datafield tag="909" ind1="&#9;" ind2=" "><subfield code="a">1</subfield></datafield><datafield tag="966" ind1=" " ind2=" "><subfield code="a">0009129</subfield><subfield code="l">BMM</subfield><subfield code="s">SCG 821 STE car</subfield></datafield></record></collection>